<record><leader>00000cas a22000007a 4500</leader><controlfield tag="001">18800043</controlfield><controlfield tag="008">881123d1940194umduwr ne      0    0eng d</controlfield><datafield ind1=" " ind2=" " tag="010"><subfield code="a">sn 88065187 </subfield></datafield><datafield ind1=" " ind2=" " tag="040"><subfield code="a">MFN</subfield><subfield code="b">eng</subfield><subfield code="c">MFN</subfield><subfield code="d">OCLCQ</subfield></datafield><datafield ind1=" " ind2=" " tag="042"><subfield code="a">msc</subfield></datafield><datafield ind1="0" ind2=" " tag="130"><subfield code="a">News-tribune (Halethorpe, Md.)</subfield></datafield><datafield ind1="1" ind2="0" tag="245"><subfield code="a">News-tribune.</subfield></datafield><datafield ind1=" " ind2=" " tag="260"><subfield code="a">Halethorpe, Md. :</subfield><subfield code="b">News-Tribune Pub. Co.</subfield></datafield><datafield ind1=" " ind2=" " tag="300"><subfield code="a">v.</subfield></datafield><datafield ind1=" " ind2=" " tag="310"><subfield code="a">Weekly</subfield></datafield><datafield ind1="1" ind2=" " tag="362"><subfield code="a">Began in 1940.</subfield></datafield><datafield ind1=" " ind2=" " tag="500"><subfield code="a">Published also for Towson, Md.</subfield></datafield><datafield ind1=" " ind2=" " tag="588"><subfield code="a">Description based on: Vol. 2, no. 17 (Mar. 1, 1940).</subfield></datafield><datafield ind1=" " ind2=" " tag="752"><subfield code="a">United States</subfield><subfield code="b">Maryland</subfield><subfield code="c">Baltimore</subfield><subfield code="d">Towson.</subfield></datafield><datafield ind1=" " ind2=" " tag="752"><subfield code="a">United States</subfield><subfield code="b">Maryland</subfield><subfield code="c">Baltimore</subfield><subfield code="d">Halethorpe.</subfield></datafield><datafield ind1="0" ind2="0" tag="780"><subfield code="t">News-tribune and community tabloid</subfield><subfield code="w">(DLC)sn 88065186</subfield></datafield></record>